<?xml version="1.0" encoding="UTF-8"?><record xmlns="http://www.loc.gov/MARC21/slim" xmlns:cinclude="http://apache.org/cocoon/include/1.0" xmlns:zs="http://www.loc.gov/zing/srw/">
  <leader>00506nz  a2200145n  4500</leader>
  <controlfield tag="001">no 96006688 </controlfield>
  <controlfield tag="003">DLC</controlfield>
  <controlfield tag="005">19960209053832.0</controlfield>
  <controlfield tag="008">960208n| acannaab|          |a aaa     c</controlfield>
  <datafield tag="010" ind1=" " ind2=" ">
    <subfield code="a">no 96006688 </subfield>
  </datafield>
  <datafield tag="035" ind1=" " ind2=" ">
    <subfield code="a">(OCoLC)oca04004438 </subfield>
  </datafield>
  <datafield tag="040" ind1=" " ind2=" ">
    <subfield code="a">ICU</subfield>
    <subfield code="c">ICU</subfield>
  </datafield>
  <datafield tag="100" ind1="1" ind2="0">
    <subfield code="a">Veselov, I︠U︡. V.</subfield>
    <subfield code="q">(I︠U︡riĭ Vitalʹevich)</subfield>
  </datafield>
  <datafield tag="400" ind1="1" ind2="0">
    <subfield code="a">Veselov, I︠U︡riĭ Vitalʹevich</subfield>
  </datafield>
  <datafield tag="670" ind1=" " ind2=" ">
    <subfield code="a">Ėkonomicheskai︠a︡ sot︠s︡iologii︠a︡, 1995:</subfield>
    <subfield code="b">t.p. (I︠U︡. V. Veselov) colophon (I︠U︡riĭ Vitalʹevich Veselov)</subfield>
  </datafield>
</record>